@inproceedings{brun2011smart,
  title={Smart redundancy for distributed computation},
  author={Brun, Yuriy and Edwards, George and Bang, Jae Young and Medvidovic, Nenad},
  booktitle={2011 31st International Conference on Distributed Computing Systems},
  pages={665--676},
  year={2011},
  organization={IEEE}
}

@misc{npm, title={npm}, url={https://www.npmjs.com/}}
@article{pathak2013texture,
  title={Texture analysis based on the gray-level co-occurrence matrix considering possible orientations},
  author={Pathak, Biswajit and Barooah, Debajyoti},
  journal={International Journal of Advanced Research in Electrical, Electronics and Instrumentation Engineering},
  volume={2},
  number={9},
  pages={4206--4212},
  year={2013}
}
@article{fabisiak2017browser,
  title={Browser-based harnessing of voluntary computational power},
  author={Fabisiak, Tomasz and Danilecki, Arkadiusz},
  journal={Foundations of Computing and Decision Sciences},
  volume={42},
  number={1},
  pages={3--42},
  year={2017},
  publisher={De Gruyter Open}
}
@inproceedings{anderson2004boinc,
  title={Boinc: A system for public-resource computing and storage},
  author={Anderson, David P},
  booktitle={proceedings of the 5th IEEE/ACM International Workshop on Grid Computing},
  pages={4--10},
  year={2004},
  organization={IEEE Computer Society}
}
@misc{http, title={Node.js v12.3.0 Documentation}, url={https://nodejs.org/api/http.html#http_class_http_server}, journal={HTTP | Node.js v12.3.0 Documentation}, publisher={Node.Js}}
@article{wilkinson2014qmachine,
  title={QMachine: commodity supercomputing in web browsers},
  author={Wilkinson, Sean R and Almeida, Jonas S},
  journal={BMC bioinformatics},
  volume={15},
  number={1},
  pages={176},
  year={2014},
  publisher={BioMed Central}
}
@article{ryza2010mrjs,
  title={Mrjs: A javascript mapreduce framework for web browsers},
  author={Ryza, Sandy and Wall, Tom},
  journal={URL http://www. cs. brown. edu/courses/csci2950-u/f11/papers/mrjs. pdf},
  year={2010},
  publisher={Citeseer}
}
@inproceedings{62,
title	= {MapReduce: Simplified Data Processing on Large Clusters},
author	= {Jeffrey Dean and Sanjay Ghemawat},
year	= {2004},
booktitle	= {OSDI'04: Sixth Symposium on Operating System Design and Implementation},
pages	= {137--150},
address	= {San Francisco, CA}
}
@article{meeds2015mlitb,
  title={MLitB: machine learning in the browser},
  author={Meeds, Edward and Hendriks, Remco and Al Faraby, Said and Bruntink, Magiel and Welling, Max},
  journal={PeerJ Computer Science},
  volume={1},
  pages={e11},
  year={2015},
  publisher={PeerJ Inc.}
}
@inproceedings{langhans2013crowdsourcing,
  title={Crowdsourcing MapReduce: JSMapReduce},
  author={Langhans, Philipp and Wieser, Christoph and Bry, Fran{\c{c}}ois},
  booktitle={Proceedings of the 22nd International Conference on World Wide Web},
  pages={253--256},
  year={2013},
  organization={ACM}
}
@inproceedings{zorrilla2013web,
  title={Web browser-based social distributed computing platform applied to image analysis},
  author={Zorrilla, Mikel and Martin, Angel and Tamayo, I{\~n}igo and Aginako, Naiara and Olaizola, Igor G},
  booktitle={2013 International Conference on Cloud and Green Computing},
  pages={389--396},
  year={2013},
  organization={IEEE}
}
@inproceedings{krupa2012demand,
  title={On-demand web search using browser-based volunteer computing},
  author={Krupa, Tomasz and Majewski, Przemyslaw and Kowalczyk, Bartosz and Turek, Wojciech},
  booktitle={2012 Sixth International Conference on Complex, Intelligent, and Software Intensive Systems},
  pages={184--190},
  year={2012},
  organization={IEEE}
}
@inproceedings{duda2012distributed,
  title={Distributed evolutionary computing system based on web browsers with javascript},
  author={Duda, Jerzy and D{\l}ubacz, Wojciech},
  booktitle={International Workshop on Applied Parallel Computing},
  pages={183--191},
  year={2012},
  organization={Springer}
}